@misc{Overleaf, 
	author={Overleaf, Online LaTeX Editor}, 
	title = {Bibliography management with bibtex},
	url={https://www.overleaf.com/learn/latex/Bibliography_management_with_bibtex}} 

@INPROCEEDINGS{9087123,
	author={N, Thomas Rincy and Gupta, Roopam},
	booktitle={2020 IEEE International Students' Conference on Electrical,Electronics and Computer Science (SCEECS)}, 
	title={A Survey on Machine Learning Approaches and Its Techniques:}, 
	year={2020},
	volume={},
	number={},
	pages={1-6},
	keywords={Machine learning algorithms;Supervised learning;Machine learning;Reinforcement learning;Semisupervised learning;Predictive models;Unsupervised learning;Machine learning;Supervised learning;Unsupervised learning;Semi-supervised learning;Reinforcement Learning.},
	doi={10.1109/SCEECS48394.2020.190}}

